@ARTICLE{alarcon04,
author = {T Alarc\'on and H M Byrne and P K Maini},
title = {{Towards whole-organ modelling of tumour growth}},
journal = {Progress in Biophysics and Molecular Biology},
volume = {85},
year = {2004},
pages = {451-472}
}

@ARTICLE{al-haj08,
author = {Ruba Al-Haj and Zaher {Al Aghbari}},
title = {{Semantic Segmentation Tree for image content representation}},
journal = {International Journal of Virtual Technology and Multimedia},
volume = {1},
number = {1},
pages = {23-38},
year = {2008}
}

@INPROCEEDINGS{ancin95,
author = {H Ancin and T E Dufresne and G M Ridder and J N Turner and B Roysam},
title = {{An improved watershed algorithm for counting objects in noisy, anisotropic 3-D biological images}},
booktitle = {Proceedings of the International Conference on Image Processing},
volume = {3},
pages = {172-175},
month = {October},
year = {1995}
}

@INPROCEEDINGS{andrade03,
author = {E L Andrade and E Khan and J C Woods and M Ghanbari},
title = {{Segmentation and Tracking using Region Adjacency Graphs, Picture Trees and Prior Information}},
booktitle = {IEE Visual Information Engineering (VIE'03)},
year = {2003}
}

@ARTICLE{archip02,
author = {Neculai Archip and Pierre-Jean Erard and Michael Egmont-Petersen and Jean-Marie Haefliger and Jean-Francois Germond},
title = {{A Knowledge-Based Approach to Automatic Detection of the Spinal Cord in CT Images}},
journal = {IEEE Transactions on Medical Imaging},
volume = {21},
number = {12},
month = {December},
year = {2002}
}

@ARTICLE{besl92,
author = {Paul J Besl and Neil D McKay},
title = {{A Method for Registration of 3-D Shapes}},
journal = {IEEE Transactions on Pattern Analysis and Machine Intelligence},
volume = {14},
number = {2},
year = {1992},
issn = {0162-8828},
pages = {239--256},
publisher = {IEEE Computer Society},
address = {Washington, DC, USA}
}

@INPROCEEDINGS{beucher94,
author = {Serge Beucher},
title = {{Watershed, hierarchical segmentation and waterfall algorithm}},
booktitle = {Proceedings of ISMM'94},
pages = {69-76},
year = {1994}
}

@ARTICLE{beucher01,
author = {Serge Beucher},
title = {{Geodesic Reconstruction, Saddle Zones \& Hierarchical Segmentation}},
journal = {Image Analysis and Stereology},
volume = {20},
pages = {137-141},
year = {2001}
}

@ARTICLE{bieniek00,
author = {Andreas Bieniek and Alina Moga},
title = {{An efficient watershed algorithm based on connected components}},
journal = {Pattern Recognition},
volume = {33},
year = {2000},
pages = {907-916}
}

@ARTICLE{bueno01,
author = {G Bueno and O Musse and F Heitz and J P Armspach},
title = {{Three-dimensional segmentation of anatomical structures in MR images on large data bases}},
journal = {Magnetic Resonance Imaging},
volume = {19},
pages = {73-88},
year = {2001}
}

@INPROCEEDINGS{climent06,
author = {Joan Climent and Alberto Sanfeliu},
title = {{Visually Significant Dynamics for Watershed Segmentation}},
booktitle = {Proceedings of the 18th International Conference on Pattern Recognition (ICPR '06)},
year = {2006}
}

@ARTICLE{cohen91,
author = {Laurent D Cohen},
title = {{On Active Contour Models and Balloons}},
journal = {Computer Vision, Graphics and Image Processing: Image Understanding},
year = {1991},
volume = {53},
number = {2},
pages = {211-218},
month = {March}
}

@INPROCEEDINGS{cong05,
author = {Alexander Cong and Yi Liu and D Kumar and Wenxiang Cong and Ge Wang},
title = {{Geometrical Modeling Using Multiregional Marching Tetrahedra for Bioluminescence Tomography}},
booktitle = {Medical Imaging 2005: Visualization, Image-Guided Procedures, and Display (Proceedings of the SPIE)},
year = {2005},
volume = {5744},
pages = {756-763}
}

@ARTICLE{felkel01,
author = {Petr Felkel and Mario Bruckschwaiger and Rainer Wegenkittl},
title = {{Implementation and Complexity of the Watershed-from-Markers Algorithm Computed as a Minimal Cost Forest}},
journal = {Computer Graphics Forum},
volume = {20},
number = {3},
year = {2001}
}

@BOOK{fish07,
author = {Jacob Fish and Ted Belytschko},
title = {{A First Course in Finite Elements}},
publisher = {John Wiley \& Sons},
year = {2007}
}

@ARTICLE{garland97,
author = {Michael Garland and Paul S. Heckbert},
title = {{Surface Simplification Using Quadric Error Metrics}},
journal = {Computer Graphics},
volume = {31},
number = {Annual Conference Series},
pages = {209-216},
year = {1997}
}

@BOOK{gonzalez02,
author = {Rafael C Gonzalez and Richard E Woods},
title = {{Digital Image Processing}},
publisher = {Pearson Education},
year = {2002},
edition = {2nd}
}

@ARTICLE{grau04,
author = {V Grau and A U J Mewes and M Alca\~niz and R Kikinis and S K Warfield},
title = {{Improved Watershed Transform for Medical Image Segmentation Using Prior Information}},
journal = {IEEE Transactions on Medical Imaging},
volume = {23},
number = {4},
month = {April},
year = {2004}
}

@ARTICLE{gueziec95,
author = {Andr\'e Gu\'eziac and Robert Hummel},
title = {{Exploiting Triangular Surface Extraction Using Tetrahedral Decomposition}},
journal = {IEEE Transactions on Visualization and Computer Graphics},
volume = {1},
number = {4},
month = {December},
year = {1995},
pages = {328-342}
}

@BOOK{hajnal01,
author = {Joseph V Hajnal and Derek L G Hill and David J Hawkes},
title = {{Medical Image Registration}},
publisher = {CRC Press Inc.},
month = {June},
year = {2001}
}

@INPROCEEDINGS{iivarinen97,
author = {Jukka Iivarinen and Markus Peura and Jaakko S\"arel\"a and Ari Visa},
title = {{Comparison of Combined Shape Descriptors for Irregular Objects}},
booktitle = {8th British Machine Vision Conference (BMVC'97)},
volume = {2},
pages = {430-439},
year = {1997},
}

@MANUAL{itk,
author = {Luis Ib{\'a}{\~n}ez and Will Schroeder and Lydia Ng and Josh Cates and the Insight Software Consortium},
title = {{The ITK Software Guide}},
month = {November},
year = {2005}
}

@INPROCEEDINGS{jalba04,
author = {A C Jalba and M H F Wilkinson and J B T M Roerdink},
title = {{Automatic Image Segmentation using a Deformable Model based on Charged Particles}},
booktitle = {Proceedings of the International Conference on Image Analysis and Recognition},
volume = {3211 of Lecture Notes in Computer Science},
pages = {1-8},
year = {2004}
}

@ARTICLE{kass88,
author = {Michael Kass and Andrew Witkin and Demetri Terzopoulos},
title = {{Snakes: Active contour models}},
journal = {International Journal of Computer Vision},
year = {1988},
month = {January},
volume = {1},
number = {4},
pages = {321-331}
}

@INPROCEEDINGS{kelly07,
author = {Matthew Kelly and Olivier Noterdaeme and Michael Brady},
title = {{Relating intra-tumor heterogeneity to morphology and its implications for assessing response to therapy}},
booktitle = {IEEE International Symposium on Biomedical Imaging},
year = {2007}
}

@ARTICLE{kim00,
author = {Whoi-Yul Kim and Yong-Sung Kim},
title = {{A region-based shape descriptor using Zernike moments}},
journal = {Signal Processing: Image Communication},
volume = {16},
pages = {95-102},
year = {2000}
}

@ARTICLE{kobashi95,
author = {Masaharu Kobashi and Linda G Shapiro},
title = {{Knowledge-Based Organ Identification from CT Images}},
journal = {Pattern Recognition},
year = {1995},
volume = {28},
number = {4},
pages = {475-491}
}

@ARTICLE{lee03,
author = {Chien-Cheng Lee and Pau-Choo Chung and Hong-Ming Tsai},
title = {{Identifying Multiple Abdominal Organs From CT Image Series Using a Multimodule Contextual Neural Network and Spatial Fuzzy Rules}},
journal = {IEEE Transactions on Information Technology in Biomedicine},
year = {2003},
volume = {7},
number = {3},
month = {September}
}

@ARTICLE{lin06,
author = {Daw-Tung Lin and Chung-Chih Lei and Siu-Wan Hung},
title = {{Computer-Aided Kidney Segmentation on Abdominal CT Images}},
journal = {IEEE Transactions on Information Technology in Biomedicine},
year = {2006},
volume = {10},
number = {1},
pages = {59-65},
month = {January}
}

@ARTICLE{lobregt95,
author = {Steven Lobregt and Max A. Viergever},
title = {{A Discrete Dynamic Contour Model}},
journal = {IEEE Transactions on Medical Imaging},
year = {1995},
volume = {14},
number = {1},
month = {March}
}

@INPROCEEDINGS{lorensen87,
address = {New York, NY, USA},
author = {William E Lorensen  and Harvey E Cline},
booktitle = {SIGGRAPH '87: Proceedings of the 14th Annual Conference on Computer Graphics and Interactive Techniques},
month = {July},
number = {4},
pages = {163-169},
publisher = {ACM Press},
title = {{Marching Cubes: A High Resolution 3D Surface Construction Algorithm}},
volume = {21},
year = {1987}
}

@INPROCEEDINGS{lotufo02,
author = {R Lotufo and W Silva},
title = {{Minimal set of markers for the watershed transform}},
booktitle = {ISMM '02: Proceedings of the International Symposium on Memory Management},
year = {2002}
}

@INPROCEEDINGS{lu05,
author = {Rui Lu and Pina Marziliano},
title = {{Liver Tumor Volume Estimation by Semi-Automatic Segmentation Method}},
booktitle = {Proceedings of the 2005 IEEE Engineering in Medicine and Biology 27th Annual Conference},
year = {2005}
}

@TECHREPORT{maintz98o,
author = {J B A Maintz and M A Viergever},
year = 1998,
title = {{An Overview of Medical Image Registration Methods}},
number = {UU-CS-1998-22},
institution = {Institute of Information and Computing Sciences, Utrecht University}
}

@TECHREPORT{maintz98s,
author = {J B A Maintz and M A Viergever},
year = {1998},
title = {{A Survey of Medical Image Registration}},
number = {UU-CS-1998-20},
institution = {Institute of Information and Computing Sciences, Utrecht University}
}

@INCOLLECTION{marcotegui05,
author = {Beatriz Marcotegui and Serge Beucher},
title = {{Fast Implementation of Waterfall Based on Graphs}},
booktitle = {{Mathematical Morphology: 40 Years On}},
publisher = {Springer Netherlands},
year = {2005}
}

@ARTICLE{marr78,
author = {D Marr and H K Nishihara},
title = {{Visual information processing: Artificial Intelligence and the sensorium of sight}},
journal = {Technology Review},
volume = {81},
number = {1},
month = {October},
year = {1978}
}

@INPROCEEDINGS{meijster98,
author = {A Meijster and J Roerdink},
title = {{A Disjoint Set Algorithm for the Watershed Transform}},
booktitle = {Proceedings of the 9th European Signal Processing Conference (EUSIPCO '98)},
year = {1998}
}

@TECHREPORT{miller90a,
author = {J V Miller and D E Breen and M J Wozny},
title = {{Extracting geometric models through constraint minimization}},
institution = {Rensselaer Polytechnic Institute},
year = {1990},
number = {90024}
}

@MASTERSTHESIS{miller90b,
author = {J V Miller},
title = {{On GDM's: Geometrically deformed models for the extraction of closed shapes from volume data}},
school = {Rensselaer Polytechnic Institute},
year = {1990}
}

@INPROCEEDINGS{najman95,
author = {L Najman and R Vaillant},
title = {{Topological and geometrical corners by watershed}},
booktitle = {Proceedings of CAIP '95 / Lecture Notes in Computer Science},
volume = {970},
pages = {262-269},
year = {1995}
}

@ARTICLE{najman96,
author = {Laurent Najman and Michel Schmitt},
title = {{Geodesic Saliency of Watershed Contours and Hierarchical Segmentation}},
journal = {IEEE Transactions on Pattern Analysis and Machine Intelligence},
volume = {18},
number = {12},
month = {December},
year = {1996}
}

@ARTICLE{osma-ruiz06,
author = {Victor Osma-Ruiz and Juan I Godino-Llorente and Nicolas Saenz-Lechon and Pedro Gomez-Vilda},
title = {{An improved watershed algorithm based on efficient computation of shortest paths}},
journal = {Pattern Recognition},
year = {2006},
volume = {40},
number = {3},
pages = {1078-1090},
month = {June}
}

@ARTICLE{park03,
author = {Hyunjin Park and Peyton H Bland and Charles R Meyer},
title = {{Construction of an Abdominal Probabilistic Atlas and its Application in Segmentation}},
journal = {IEEE Transactions on Medical Imaging},
year = {2003},
volume = {22},
number = {4},
pages = {483-492},
month = {April}
}

@ARTICLE{patino05,
author = {Luis Patino},
title = {{Fuzzy relations applied to minimize over segmentation in watershed algorithms}},
journal = {Pattern Recognition},
volume = {26},
pages = {819-828},
year = {2005}
}

@ARTICLE{pham00,
author = {Dzung L Pham and Chenyang Xu and Jerry L Prince},
title = {{Current Methods in Medical Image Segmentation}},
journal = {Annual Review of Biomedical Engineering},
year = {2000},
volume = {2},
pages = {315-37}
}

@ARTICLE{pitt-francis06,
author = {Joe Pitt-Francis and Dan Chen and Mark Slaymaker and Andrew Simpson and Michael Brady and Ingeborg van Leeuwen and Fiona Reddington and Phil Quirke and Gina Brown and David Gavaghan},
title = {{Multimodal imaging techniques for the extraction of detailed geometrical and physiological information for use in multi-scale models of colorectal cancer and treatment of individual patients}},
journal = {Computational and Mathematical Methods in Medicine},
year = {2006},
volume = {7},
number = {2 \& 3},
pages = {177-188},
month = {June}
}

@INPROCEEDINGS{pohle01,
author = {R Pohle and K Toennies},
title = {{Segmentation of Medical Images Using Adaptive Region Growing}},
booktitle = {Proceedings of SPIE (Medical Imaging)},
volume = {4322},
pages = {1337-1346},
year = {2001}
}

@INPROCEEDINGS{procter06,
author = {Rob Procter and Christine Borgman and Geoff Bowker and Marina Jirotka and Gary Olson and Cherri Pancake and Tom Rodden and M C Schraefel},
title = {{Usability Research Challenges for Cyberinfrastructure and Tools}},
booktitle = {CHI '06: CHI '06 Extended Abstracts on Human Factors in Computing Systems},
year = {2006},
pages = {1675-1678},
publisher = {ACM},
address = {New York, NY, USA}
}

@ARTICLE{rambabu07,
author = {C Rambabu and Indrajit Chakrabarti},
title = {{An efficient immersion-based watershed transform method and its prototype architecture}},
journal = {Journal of Systems Architecture},
year = {2007},
volume = {53},
pages = {210-226}
}

@ARTICLE{rao05,
author = {Manjori Rao and Joshua Stough and Yueh-Yun Chi and Keith Muller and Gregg Tracton and Stephen M Pizer and Edward L Chaney},
title = {{Comparison of Human and Automic Segmentations of Kidneys from CT Images}},
journal = {International Journal of Radiation Oncology, Biology and Physics},
volume = {61},
number = {3},
pages = {954-960},
year = {2005}
}

@ARTICLE{recist09,
author = {E A Eisenhauer and P Therasse and J Bogaerts and L H Schwartz and D Sargent and R Ford and J Dancey and S Arbuck and S Gwyther and M Mooney and L Rubinstein and L Shankar and L Dodd and R Kaplan and D Lacombe and J Verweij},
title = {{New response evaluation criteria in solid tumours: Revised RECIST guideline (version 1.1)}},
journal = {European Journal of Cancer},
volume = {45},
year = {2009},
pages = {228-247}
}

@MASTERSTHESIS{ree05,
author = {Eirik Roald Ree},
title = {{Segmentation of Kidneys from MR-Images}},
school = {Norwegian University of Science and Technology},
year = {2005},
type = {Undergraduate thesis}
}

@INCOLLECTION{ritchie,
author = {Alastair W S Ritchie and P T D Oliver},
title = {{Tumours of the kidney (other than nephroblastoma)}},
booktitle = {{Oxford Textbook of Oncology}},
publisher = {Oxford University Press},
year = {1995},
editor = {Michael Peckham and Herbert Pinedo and Umberto Veronesi},
volume = {2},
chapter = {10},
pages = {1480-1498},
edition = {first}
}

@UNPUBLISHED{ross04,
author = {Amy Ross},
title = {{Procrustes Analysis}},
note = {Course report, Department of Computer Science and Engineering, University of South Carolina},
month = {Spring},
year = {2004}
}

@UNPUBLISHED{roweis96,
author = {Sam Roweis},
title = {{Levenberg-Marquardt Optimization}},
note = {http://www.cs.toronto.edu/~roweis/notes.html},
month = {November},
year = {1996}
}

@ARTICLE{salembier00,
author = {Philippe Salembier and Luis Garrido},
title = {{Binary Partition Tree as an Efficient Representation for Image Processing, Segmentation, and Information Retrieval}},
journal = {IEEE Transactions on Image Processing},
year = {2000},
volume = {9},
number = {4},
pages = {561-576},
month = {April}
}

@INPROCEEDINGS{schroeder92,
author = {William J Schroeder and Jonathan A Zarge and William E Lorensen},
title = {{Decimation of Triangle Meshes}},
booktitle = {SIGGRAPH '92: Proceedings of the 19th annual conference on Computer Graphics and Interactive Techniques},
year = {1992},
isbn = {0-89791-479-1},
pages = {65--70},
publisher = {ACM Press},
address = {New York, NY, USA},
}

@INPROCEEDINGS{schroeder97,
author = {William J Schroeder},
title = {{A Topology Modifying Progressive Decimation Algorithm}},
booktitle = {VIS '97: Proceedings of the 8th conference on Visualization '97},
year = {1997},
isbn = {1-58113-011-2},
pages = {205--ff.},
location = {Phoenix, Arizona, United States},
publisher = {IEEE Computer Society Press},
address = {Los Alamitos, CA, USA},
}

@ARTICLE{seo04,
author = {Kyung-Sik Seo and Lonnie C Ludeman and Seung-Jin Park and Jong-An Park},
title = {{Efficient Liver Segmentation Based on the Spine}},
journal = {Springer Lecture Notes in Computer Science},
year = {2004},
publisher = {Springer-Verlag, Berlin},
pages = {400-9}
}

@INPROCEEDINGS{seo05,
author = {Kyung-Sik Seo},
title = {{Improved Fully-Automatic Liver Segmentation Using Histogram Tail Threshold Algorithms}},
booktitle = {International Conference on Computational Science},
pages = {822-825},
year = {2005}
}

@ARTICLE{sezgin04,
author = {Mehmet Sezgin and B\"ulent Sankur},
title = {{Survey over image thresholding techniques and quantitative performance evaluation}},
journal = {Journal of Electronic Imaging},
volume = {13},
number = {1},
pages = {146-165},
month = {January},
year = {2004}
}

@ARTICLE{sheth01,
author = {Sheila Sheth and John C Scatarige and Karen M Horton and Frank M Corl and Elliot K Fishman},
title = {{Current Concepts in the Diagnosis and Management of Renal Cell Carcinoma: Role of Multidetector CT and Three-dimensional CT}},
journal = {Radiographics},
year = {2001}
}

@INPROCEEDINGS{si05,
author = {Hang Si and Klaus G\"artner},
title = {{Meshing Piecewise Linear Complexes by Constrained Delaunay Tetrahedralizations}},
booktitle = {Proceedings, 14th International Meshing Roundtable},
publisher = {Springer-Verlag},
pages = {147-164},
month = {September},
year = {2005}
}

@ARTICLE{soler01,
author = {Luc Soler and Herve Delingette and Gregoire Malandain and Johan Montagnat and Nicholas Ayache and Christophe Koehl and Oliver Dourthe and Benoit Malassagne and Michelle Smith and Didier Mutter and Jacques Marescaux},
title = {{Fully Automatic Anatomical, Pathological, and Functional Segmentation from CT Scans for Hepatic Surgery}},
journal = {Computer Aided Surgery},
year = {2001},
volume = {6},
pages = {131-142}
}

@INPROCEEDINGS{song06fd,
author = {Ting Song and Lee, V.S. and Rusinek, H. and Samson Wong and Laine, A.F.},
title = {{Four Dimensional MR Image Analysis of Dynamic Renography}},
booktitle = {Engineering in Medicine and Biology Society, 2006. EMBS '06. 28th Annual International Conference of the IEEE},
year = {2006},
pages = {3134-3137},
month = {August}
}

@INPROCEEDINGS{song06if,
author = {Ting Song and Vivian S. Lee and Henry Rusinek and Samson Wong and Andrew F. Laine},
title = {{An Iterative Framework for Registration and Segmentation of Dynamic Three-Dimensional MR Renography}},
booktitle = {Proceedings of the International Society for Magnetic Resonance in Medicine (ISMRM) 14th Scientific Meeting and Exhibition},
year = {2006},
pages = {831}
}

@MASTERSTHESIS{sorlie05,
author = {Rune Petter S\o{}rlie},
title = {{Automatic segmentation of liver tumors from MRI images}},
school = {University of Oslo},
year = {2005},
month = {August}
}

@INPROCEEDINGS{stoev00,
author = {Stanislav L Stoev},
title = {{RaFSi - A Fast Watershed Algorithm Based on Rainfalling Simulation}},
booktitle = {Proceedings of the 8th International Conference on Computer Graphics, Visualization and Interactive Digital Media (WSCG '00)},
year = {2000}
}

@INPROCEEDINGS{touhami05,
author = {Wala Touhami and Djamal Boukerroui and Jean-Pierre Cocquerez},
title = {{Fully Automatic Kidneys Detection in 2D CT Images: A Statistical Approach}},
booktitle = {Proceedings of the 8th International Conference on Medical Image Computing and Computer-Assisted Intervention - Part I},
year = {2005},
pages = {262-269}
}

@INPROCEEDINGS{tsagaan02,
author = {Baigalmaa Tsagaan and Akinobu Shimizu and Hidefumi Kobatake and Kunihisa Miyakawa},
title = {{An Automated Segmentation Method of Kidney Using Statistical Information}},
booktitle = {Proceedings of the 5th International Conference on Medical Image Computing and Computer-Assisted Intervention - Part I},
year = {2002},
pages = {556-563}
}

@UNPUBLISHED{varshney02,
author = {Lav R Varshney},
title = {{Abdominal Organ Segmentation in CT Scan Images: A Survey}},
note = {Cornell University},
year = {2002},
month = {August}
}

@INCOLLECTION{wegner95,
author = {S Wegner and T Harms and J H Builtjes and H Oswald and E Fleck},
title = {{The Watershed Transformation for Multiresolution Image Segmentation}},
booktitle = {Image Analysis and Processing},
publisher = {Springer Berlin/Heidelberg},
year = {1995},
pages = {31-36}
}

@UNPUBLISHED{worrell06,
author = {James Worrell},
title = {{Data Structures for Disjoint Sets}},
note = {\emph{Advanced Data Structures and Algorithms} course notes, Oxford University},
year = {2006}
}

@ARTICLE{wu03,
author = {Ziji Wu and John M. Sullivan Jr.},
title = {{Multiple material marching cubes algorithm}},
journal = {International Journal for Numerical Methods in Engineering},
year = {2003},
volume = {58},
number = {2},
pages = {189-207},
month = {July}
}

@ARTICLE{xu98,
author = {Chenyang Xu and Jerry L Prince},
title = {{Snakes, Shapes and Gradient Vector Flow}},
journal = {IEEE Transactions on Image Processing},
year = {1998},
volume = {7},
number = {3},
pages = {359-369},
month = {March}
}

@INPROCEEDINGS{yao06,
author = {Jianhua Yao and Stacy D O'Connor and Ronald M Summers},
title = {{Automated Spinal Column Extraction and Partitioning}},
booktitle = {3rd IEEE International Symposium on Biomedical Imaging: Nano to Macro},
year = {2006},
pages = {390-393}
}

@ARTICLE{yin04,
author = {HM Yin and LZ Sun and G Wang and T Yamada and J Wang and MW Vannier},
title = {{ImageParser: a tool for finite element generation from three-dimensional medical images}},
journal = {BioMedical Engineering OnLine},
year = {2004}
}

@INCOLLECTION{yoo91,
author = {TS Yoo and SM Pizer and H Fuchs and T Cullip and J Rhoades and R Whitaker},
title = {{Achieving Direct Volume Visualization with Interactive Semantic Region Selection}},
booktitle = {Information Processing in Medical Images},
publisher = {Springer Verlag},
year = {1991}
}

@ARTICLE{zhang96,
author = {Y J Zhang},
title = {{A Survey on Evaluation Methods for Image Segmentation}},
journal = {Pattern Recognition},
volume = {29},
number = {8},
pages = {1335-1346},
year = {1996}
}

@INPROCEEDINGS{zhou05,
author = {Yongxin Zhou and Jing Bai},
title = {{Organ Segmentation Using Atlas Registration and Fuzzy Connectedness}},
booktitle = {Proceedings of the 2005 IEEE Engineering in Medicine and Biology 27th Annual Conference},
year = {2005},
pages = {3241-3244},
address = {Shanghai, China},
month = {September}
}