@INPROCEEDINGS{bertails03,
author = {F Bertails and T-Y Kim and M-P Cani and U Neumann},
title = {{Adaptive Wisp Tree - a multiresolution control structure for simulating dynamic clustering in hair motion}},
booktitle = {Proceedings of the 2003 ACM SIGGRAPH/Eurographics Symposium on Computer Animation},
year = {2003},
pages = {207-213}
}

@INPROCEEDINGS{kim.t02,
author = {Tae-Yong Kim and Ulrich Neumann},
title = {{Interactive Multiresolution Hair Modeling and Editing}},
booktitle = {Proceedings of the 29th Annual Conference on Computer Graphics and Interactive Techniques},
year = {2002},
pages = {620-629},
address = {San Antonio, Texas}
}

@INPROCEEDINGS{magnenat-thalmann00,
author = {Nadia Magnenat-Thalmann and Sunil Hadap and Prem Kalra},
title = {{State of the Art in Hair Simulation}},
booktitle = {International Workshop on Human Modeling and Animation},
address = {Seoul, Korea},
month = {June},
year = {2000},
publisher = {Korea Computer Graphics Society},
pages = {3-9}
}

@INPROCEEDINGS{ward03,
author = {Kelly Ward and Ming C Lin},
title = {{Adaptive Grouping and Subdivision for Simulating Hair Dynamics}},
booktitle = {Proceedings of the 11th Pacific Conference on Computer Graphics and Applications},
year = {2003}
}