@MASTERSTHESIS{golodetz06,
author = {Stuart M Golodetz},
title = {{A 3D Map Editor}},
school = {Oxford University Computing Laboratory},
year = {2006},
type = {Undergraduate thesis},
month = {May}
}

@ARTICLE{golodetz07,
author = {Stuart Golodetz},
title = {{Functional Programming Using C++ Templates (Parts 1 and 2)}},
journal = {Overload},
volume = {81/82},
year = {2007},
month = {October/December}
}

@ARTICLE{golodetz08,
author = {Stuart Golodetz},
title = {{Watersheds and Waterfalls (Parts 1 and 2)}},
journal = {Overload},
volume = {83/84},
year = {2008},
month = {February/April}
}

@ARTICLE{golodetz08vis1,
author = {Stuart Golodetz},
title = {{Seeing Things Differently}},
journal = {Overload},
year = {2008},
month = {October},
volume = {87}
}

@ARTICLE{golodetz08vis2,
author = {Stuart Golodetz},
title = {{The Legion's Revolting!}},
journal = {Overload},
year = {2008},
month = {December},
volume = {88}
}

@INPROCEEDINGS{gvcfbit07,
author = {Stuart Golodetz and Irina Voiculescu and Stephen Cameron},
title = {{A Proposed Decision-Support System for (Renal) Cancer Imaging}},
booktitle = {Proceedings of FBIT '07},
address = {Jeju City, South Korea},
month = {October},
year = {2007},
pages = {361-366}
}

@UNPUBLISHED{gvc08,
author = {Stuart Golodetz and Irina Voiculescu and Stephen Cameron},
title = {{Real-Time Dynamics Simulation of Long Hair over Arbitrary Meshes}},
note = {Rejected by Eurographics 2008.}
}

@INPROCEEDINGS{gvccimi08,
author = {Stuart Golodetz and Irina Voiculescu and Stephen Cameron},
title = {{Region Analysis of Abdominal CT Scans using Image Partition Forests}},
booktitle = {Proceedings of CSTST '08},
pages = {432-7},
address = {Cergy-Pontoise, France},
month = {October},
year = {2008}
}

@INPROCEEDINGS{nicholls09,
author = {Chris Nicholls and Irina Voiculescu and Stuart Golodetz},
title = {{A Simpler Approach To Waterfall}},
booktitle = {Proceedings of the Oxford University Computing Laboratory Student Conference '09},
year = {2009},
pages = {6-7}
}

@ARTICLE{pbgmvc09,
author = {Nilay Patel and Christopher Blick and Stuart Golodetz and Asif Muneer and Anil Vaidya and David Cranston},
title = {{Ex-vivo Partial Nephrectomy and Renal Autotransplantation for Complex Renal Malignancies in the Solitary Kidney}},
journal = {Journal of Urology},
volume = {181},
number = {4},
pages = {355},
month = {April},
year = {2009}
}

@INPROCEEDINGS{gvchsi09,
author = {Stuart Golodetz and Irina Voiculescu and Stephen Cameron},
title = {{Progress on a Decision-Support System for Abdominal CT Scans}},
booktitle = {Proceedings of HSI '09},
address = {Catania, Sicily},
month = {May},
year = {2009},
pages = {116-119}
}

@INPROCEEDINGS{gvcispa09,
author = {Stuart Golodetz and Irina Voiculescu and Stephen Cameron},
title = {{Automatic Spine Identification in Abdominal CT Slices using Image Partition Forests}},
booktitle = {Proceedings of ISPA '09},
address = {Salzburg, Austria},
month = {September},
year = {2009},
pages = {117-122}
}

@INPROCEEDINGS{gvcoucl10,
author = {Stuart Golodetz and Irina Voiculescu and Stephen Cameron},
title = {{Multi-Feature Identification in Abdominal CT Scans using Image Partition Forests}},
booktitle = {Proceedings of the Oxford University Computing Laboratory Student Conference '10},
year = {2010},
pages = {19-20}
}
