@MISC{algaba06,
author = {Ferran Algaba},
title = {{Is tumor necrosis a predictor of survival in patients with renal cell carcinoma?}},
journal = {Nature Clinical Practice: Urology},
volume = {3},
number = {4},
pages = {196-7},
month = {April},
year = {2006}
}

@ARTICLE{cahill38,
author = {G F Cahill and M M Melicow},
title = {{Calcification of renal tumors and its relation to prognosis}},
journal = {Journal of Urology},
volume = {39},
pages = {276-286},
year = {1938}
}

@ARTICLE{fetter38,
author = {T R Fetter},
title = {{Renal carcinoma. A study of ninety five cases with follow-up notes on thirty six.}},
journal = {JAMA},
volume = {110},
pages = {190-196},
year = {1938}
}

@ARTICLE{foria05,
author = {V Foria and T Surendra and D N Poller},
title = {{Prognostic relevance of extensive necrosis in renal cell carcinoma}},
journal = {Journal of Clinical Pathology},
volume = {58},
pages = {39-43},
year = {2005}
}

@ARTICLE{lam05,
author = {J S Lam et al.},
title = {{Clinicopathologic and molecular correlations of necrosis in the primary tumor of patients with renal cell carcinoma}},
journal = {Cancer},
volume = {103},
pages = {2517-2525},
year = {2005}
}

@ARTICLE{langner06,
author = {Cord Langner and Georg Hutterer and Thomas Chromecki and Sebastian Leibl and Peter Rehak and Richard Zigeuner},
title = {{Tumor Necrosis as Prognostic Indicator in Transitional Cell Carcinoma of the Upper Urinary Tract}},
journal = {Journal of Urology},
volume = {176},
pages = {910-914},
month = {September},
year = {2006}
}

@ARTICLE{lee.s06,
author = {Sang Eun Lee and Seok-Soo Byun and Jin Kyu Oh and Sang Chul Lee and In Ho Chang and Gheeyoung Choe and Sung Kyu Hong},
title = {{Significance of Macroscopic Tumor Necrosis as a Prognostic Indicator for Renal Cell Carcinoma}},
journal = {Journal of Urology},
volume = {176},
pages = {1332-1338},
month = {October},
year = {2006}
}

@ARTICLE{lee.s07,
author = {Sang Eun Lee and Sung Kyu Hong and Byung Kyu Han and Ji Hyung Yu and June Hyun Han and Seong Jin Jeong and Seok-Soo Byun and Yong Hyun Park and Gheeyoung Choe},
title = {{Prognostic Significance of Tumor Necrosis in Primary Transitional Cell Carcinoma of Upper Urinary Tract}},
journal = {Japanese Journal of Clinical Oncology},
year = {2007}
}

@ARTICLE{leibovitch.i01,
author = {Ilan Leibovitch and Ronan Lev and Yoram Mor and Jacob Golomb and Zohar A Dotan and Jacob Ramon},
title = {{Extensive Necrosis in Renal Cell Carcinoma Specimens: Potential Clinical and Prognostic Implications}},
journal = {IMAJ},
volume = {3},
pages = {563-565},
month = {August},
year = {2001}
}

@ARTICLE{melicow44,
author = {M M Melicow},
title = {{Classification of renal neoplasms: a clinical and pathological study based on 199 cases}},
journal = {Journal of Urology},
volume = {51},
pages = {333-385},
year = {1944}
}

@ARTICLE{schouman84,
author = {M Schouman and A Warter and M Roos and C Bollack},
title = {{Renal Cell Carcinoma: Statistical Study of Survival Based on Pathological Criteria}},
journal = {World Journal of Urology},
volume = {2},
pages = {109-113},
year = {1984}
}

@ARTICLE{sengupta05,
author = {Shomik Sengupta and Christine M Lohse and Bradley C Leibovich and Igor Frank and R Houston Thompson and W Scott Webster and Horst Zincke and Michael L Blute and John C Cheville and Eugene D Kwon},
title = {{Histologic Coagulative Tumor Necrosis as a Prognostic Indicator of Renal Cell Carcinoma Aggressiveness}},
journal = {Cancer},
volume = {104},
number = {3},
pages = {511-520},
month = {August},
year = {2005}
}