@INPROCEEDINGS{lee.c92,
author = {C K Lee and F W Choy and H C Lam},
title = {{Real-time Thresholding using Histogram Concavity}},
booktitle = {Proceedings of the IEEE International Symposium on Industrial Electronics},
year = {1992},
volume = {1},
pages = {500-503}
}

@ARTICLE{ridler78,
author = {T W Ridler and S Calvard},
title = {{Picture Thresholding Using an Iterative Selection Method}},
journal = {IEEE Transactions on Systems, Man and Cybernetics},
volume = {SMC-8},
number = {8},
month = {August},
year = {1978}
}

@ARTICLE{wong89,
author = {Andrew K C Wong and P K Sahoo},
title = {{A Gray-Level Threshold Selection Method Based on Maximum Entropy Principle}},
journal = {IEEE Transactions on Systems, Man and Cybernetics},
volume = {19},
number = {4},
month = {July/August},
year = {1989}
}