@MASTERSTHESIS{golodetz06,
author = {Stuart M. Golodetz},
title = {{A 3D Map Editor}},
school = {Oxford University Computing Laboratory},
year = {2006},
type = {Undergraduate thesis},
month = {May}
}

@ARTICLE{golodetz07,
author = {Stuart Golodetz},
title = {{Functional Programming Using C++ Templates (Parts 1 and 2)}},
journal = {Overload},
volume = {81/82},
year = {2007},
month = {October/December}
}

@ARTICLE{golodetz08,
author = {Stuart Golodetz},
title = {{Watersheds and Waterfalls (Parts 1 and 2)}},
journal = {Overload},
volume = {83/84},
year = {2008},
month = {February/April}
}

@INPROCEEDINGS{gvcfbit07,
author = {Stuart Golodetz and Irina Voiculescu and Stephen Cameron},
title = {{A Proposed Decision-Support System for (Renal) Cancer Imaging}},
booktitle = {Proceedings of the Frontiers in the Convergence of Bioscience and Information Technologies},
year = {2007}
}

@UNPUBLISHED{gvc08,
author = {Stuart Golodetz and Irina Voiculescu and Stephen Cameron},
title = {{Real-Time Dynamics Simulation of Long Hair over Arbitrary Meshes}},
note = {Rejected by Eurographics 2008.}
}

@INPROCEEDINGS{gvccimi08,
author = {Stuart Golodetz and Irina Voiculescu and Stephen Cameron},
title = {{Region Analysis of Abdominal CT Scans using Image Partition Forests}},
booktitle = {Proceedings of CSTST'08},
year = {2008},
month = {October},
pages = {432-7}
}